<?xml version="1.0" encoding="UTF-8"?><collection xmlns="http://www.loc.gov/MARC21/slim"><record><leader>00383nam--2200133-i-4500</leader><controlfield tag="001">000030456</controlfield><controlfield tag="002">20161230</controlfield><controlfield tag="005">20161230201038</controlfield><controlfield tag="008">060222s1000------------r-----000-0-eng-d</controlfield><datafield ind1=" " ind2=" " tag="080"><subfield code="a">541.14(061.3)</subfield></datafield><datafield ind1=" " ind2=" " tag="245"><subfield code="a">Xth iupac symposium on photochemistry ccc-interlaken, switzerland</subfield></datafield><datafield ind1=" " ind2=" " tag="260"><subfield code="a">Laussane, Presses Polytechniques Romandes, 1984. Xi+619p</subfield></datafield><datafield ind1=" " ind2=" " tag="490"><subfield code="a">Proceeding</subfield></datafield><datafield ind1=" " ind2=" " tag="852"><subfield code="a">79537</subfield></datafield></record></collection>